<?xml version="1.0" encoding="UTF-8"?><collection xmlns="http://www.loc.gov/MARC21/slim"><record><leader>00478nam--2200181-i-4500</leader><controlfield tag="001">000009784</controlfield><controlfield tag="002">20161230</controlfield><controlfield tag="005">20161230201028</controlfield><controlfield tag="008">060222s1000------------r-----000-0-eng-d</controlfield><datafield ind1=" " ind2=" " tag="040"><subfield code="a">IFIN-HH</subfield></datafield><datafield ind1=" " ind2=" " tag="080"><subfield code="a">538</subfield></datafield><datafield ind1="1" ind2=" " tag="100"><subfield code="a">Anderson, J.C</subfield></datafield><datafield ind1="1" ind2="0" tag="245"><subfield code="a">Magnetism and magnetic materials</subfield><subfield code="c">J.c. anderson</subfield></datafield><datafield ind1=" " ind2=" " tag="260"><subfield code="a">London</subfield><subfield code="b">Chapman And Hall Ltd</subfield><subfield code="c">1968</subfield></datafield><datafield ind1=" " ind2=" " tag="300"><subfield code="a">VIII + 248 P</subfield></datafield><datafield ind1=" " ind2=" " tag="490"><subfield code="a">Modern Electrical Studies</subfield></datafield><datafield ind1=" " ind2=" " tag="852"><subfield code="a">35398</subfield><subfield code="c">537:538</subfield></datafield><datafield ind1=" " ind2=" " tag="CAT"><subfield code="a">Sys</subfield><subfield code="c">20110617</subfield><subfield code="h">111212</subfield></datafield></record></collection>